%% Quotes f√ºr meinen Tor Article
%

@misc{kinox,
  title = {Netzsperren: ab heute in "Osterreich, bald in ganz Europa},
  howpublished = {\url{https://netzpolitik.org/2014/eugh-legt-zensur-grundlagen-netzsperren-bei-    urheberrechtsverstoessen-zulaessig/}},
   note = {Aufgerufen: 2015-07-04}
}
